@phdthesis{gomes2023,
  author = {José Victor Magalhães Gomes},
  title  = {PontoUp - Sistema de Gerenciamento e Registro de Ponto Eletrônico},
  school = {Universidade Federal Rural do Semi-Árido},
  year   = {2023}
}

@phdthesis{mariotti2011,
  author = {Isabel Mariotti and Taiani Bacchi Kienetz},
  title  = {Perspectivas da Utilização do Ponto Eletrônico de Acordo com a Portaria 1.510/09},
  school = {Universidade Federal de Santa Maria},
  year   = {2011}
}

@book{brasil1943,
  title     = {Consolidação das Leis do Trabalho (CLT)},
  author    = {Brasil},
  year      = {1943},
  publisher = {Imprensa Nacional}
}

@misc{vr2024,
  author = {VR Benefícios},
  title = {Controle de ponto digital X Relógio de ponto eletrônico: qual a melhor escolha?},
  year = {2024},
  url = {https://blog.vr.com.br/controle-de-ponto-digital-x-relogio-de-ponto-eletronico-qual-a-melhor-escolha/},
  note = {Acessado em: 26 de fevereiro de 2025}
}

@thesis{FlorindoBianchi2022,
  author       = {Glênio Henrique Carvalho Florindo and Renata Alexandre Bianchi},
  title        = {Desenvolvimento de Aplicação para Registro de Ponto Inteligente},
  school       = {Faculdade de Tecnologia de Franca - "Dr. Thomaz Novelino"},
  year         = {2022},
  address      = {Franca, SP},
  type         = {Trabalho de Graduação},
  note         = {Orientador: Profª Dra. Jaqueline Brigladori Pugliesi},
}

@online{miranda2023,
  author = {Miranda, Izabella},
  title = {Controle de ponto: conheça os tipos e escolha o ideal para a sua empresa},
  year = {2023},
  url = {https://www.contabeis.com.br/noticias/60426/controle-de-ponto-conheca-os-tipos-e-escolha-o-ideal-para-a-sua-empresa/},
  note = {Acesso em: 10 mar. 2025}
}

@article{abreu2016sistema,
  title={Sistema de controle de ponto auxiliado por aplicativo Android},
  author={Abreu, Lucas Gennari Silva},
  year={2016}
}

@inproceedings{Longo2019,
  author    = {Maria Tereza Longo and Carolina Yukari Veludo Watanabe},
  title     = {Transforma{\c{c}}{\~a}o Digital: Uma an{\'a}lise das principais barreiras e dificuldades em micro e pequenas empresas},
  booktitle = {Anais do XXII SEMEAD - Semin{\'a}rios em Administra{\c{c}}{\~a}o},
  year      = {2019},
  address   = {S{\~a}o Paulo, Brasil},
  url       = {https://login.semead.com.br/22semead/anais/arquivos/1022.pdf}
}

@misc{brasil1943,
  author       = {Brasil},
  title        = {Consolidação das Leis do Trabalho (CLT)},
  year         = {1943},
  note         = {Decreto-Lei n.º 5.452, de 1º de maio de 1943},
  howpublished = {\url{https://www.planalto.gov.br/ccivil_03/decreto-lei/del5452.htm}},
  urldate      = {2025-03-27}
}

@misc{nextjs,
  author = {{Vercel}},
  title = {Next.js - The React Framework},
  howpublished = {\url{https://nextjs.org/}},
  note = {Acesso em: 27 mar. 2025},
  year = {2025}
}

@misc{reactjs,
  author = {{Meta Platforms, Inc.}},
  title = {React – A JavaScript library for building user interfaces},
  howpublished = {\url{https://reactjs.org/}},
  note = {Acesso em: 27 mar. 2025},
  year = {2025}
}

@misc{typescript,
  author = {{Microsoft}},
  title = {TypeScript - JavaScript with syntax for types},
  howpublished = {\url{https://www.typescriptlang.org/}},
  note = {Acesso em: 27 mar. 2025},
  year = {2025}
}

@misc{tailwindcss,
  author = {{Tailwind Labs}},
  title = {Tailwind CSS - Rapidly build modern websites without ever leaving your HTML},
  howpublished = {\url{https://tailwindcss.com/}},
  note = {Acesso em: 27 mar. 2025},
  year = {2025}
}

@misc{nestjs,
  author = {{NestJS Contributors}},
  title = {NestJS - A progressive Node.js framework for building efficient, reliable and scalable server-side applications},
  howpublished = {\url{https://nestjs.com/}},
  note = {Acesso em: 27 mar. 2025},
  year = {2025}
}

@misc{prisma,
  author = {{Prisma Data, Inc.}},
  title = {Prisma - Next-generation Node.js and TypeScript ORM},
  howpublished = {\url{https://www.prisma.io/}},
  note = {Acesso em: 27 mar. 2025},
  year = {2025}
}

@misc{postgresql,
  author = {{The PostgreSQL Global Development Group}},
  title = {PostgreSQL - The world's most advanced open source database},
  howpublished = {\url{https://www.postgresql.org/}},
  note = {Acesso em: 27 mar. 2025},
  year = {2025}
}


% REFERENCIAL TEÓRICO

@misc{RiscosPontoManual,
  author = {{forpeople}},
  title = {Controle de ponto manual: entenda os riscos desse sistema},
  year = {2023},
  url = {https://forpeople.io/recursos-humanos/controle-de-ponto-manual-entenda-os-riscos-desse-sistema/},
  note = {Acesso em: 27 ago. 2025}
}

@misc{VantagensPontoDigital,
  author = {{Geovictoria}},
  title = {Ponto manual ou digital: qual o melhor para a sua empresa?},
  year = {2024},
  url = {https://www.geovictoria.com.br/br/blog/ponto-manual-ou-digital-qual-o-melhor-para-sua-empresa/},
  note = {Acesso em: 27 ago. 2025}
}

@misc{Portaria671Contabeis,
  author = {Cardoso, Eluth},
  title = {Portaria 671: regras para marcação de ponto nas empresas},
  year = {2024},
  url = {https://www.contabeis.com.br/noticias/71604/portaria-671-regras-para-marcacao-de-ponto-nas-empresas/},
  note = {Acesso em: 27 ago. 2025}
}

@misc{RequisitosREPP,
  author = {{TOTVS}},
  title = {Portaria 671/21: o que é, mudanças e guia completo},
  year = {2024},
  url = {https://espacolegislacao.totvs.com/portaria-671/},
  note = {Acesso em: 27 ago. 2025}
}

@misc{GPSControlePonto,
  author = {{Senior Sistemas}},
  title = {Controle de ponto com geolocalização: como funciona e quais as vantagens},
  year = {2023},
  url = {https://www.senior.com.br/blog/controle-de-ponto-geolocalizacao},
  note = {Acesso em: 27 ago. 2025}
}

@misc{LGPDeGeolocalizacao,
  author = {{Factorial}},
  title = {Ponto por geolocalização: é legal? O que diz a lei?},
  year = {2024},
  url = {https://factorialhr.com.br/blog/ponto-por-geolocalizacao/},
  note = {Acesso em: 27 ago. 2025}
}

@misc{MVP_RDStation,
  author = {Corrales, Victor},
  title = {MVP (Mínimo Produto Viável): o que é, como fazer e exemplos para se inspirar},
  year = {2024},
  url = {https://www.rdstation.com/blog/marketing/mvp-minimo-produto-viavel/},
  note = {Acesso em: 27 ago. 2025}
}

@misc{ExemplosMVP,
  author = {{SoftKraft}},
  title = {11 Minimum Viable Product Examples: From Zero to Hero},
  year = {2024},
  url = {https://www.softkraft.co/minimum-viable-product-examples/},
  note = {Acesso em: 27 ago. 2025}
}

@misc{NextJsvsAngularVue_Brilworks,
  author = {Shah, Chintan},
  title = {Next.js vs Angular vs Vue.js: A Detailed Comparison},
  year = {2024},
  url = {https://www.brilworks.com/blog/javascript-web-frameworks-comparison/},
  note = {Acesso em: 27 ago. 2025}
}

@misc{SSReSSG,
  author = {{Strapi}},
  title = {SSR vs SSG in Next.js: Differences, Advantages and Use Cases},
  year = {2024},
  url = {https://strapi.io/blog/ssr-vs-ssg-in-nextjs-differences-advantages-and-use-cases},
  note = {Acesso em: 27 ago. 2025}
}

@misc{NestJSModular,
  author = {{Dev\&Deliver}},
  title = {Level up Your Backend: A C-Suite Guide to Mastering Modular Architecture in Nest.js Applications},
  year = {2024},
  url = {https://devanddeliver.com/blog/backend/level-up-your-backend-a-c-suite-guide-to-mastering-modular-architecture-in-nest-js-applications},
  note = {Acesso em: 27 ago. 2025}
}

@misc{PostgreSQLvsMongoDB_AWS,
  author = {{Amazon Web Services}},
  title = {Qual é a diferença entre o MongoDB e o PostgreSQL?},
  year = {2024},
  url = {https://aws.amazon.com/pt/compare/the-difference-between-mongodb-and-postgresql/},
  note = {Acesso em: 27 ago. 2025}
}

@misc{PostgreSQLACID,
  author = {{Amazon Web Services}},
  title = {Qual é a diferença entre o MySQL e o PostgreSQL?},
  year = {2024},
  url = {https://aws.amazon.com/pt/compare/the-difference-between-mysql-vs-postgresql/},
  note = {Acesso em: 27 ago. 2025}
}

@misc{JWTvsCookies,
  author = {{Stack Overflow}},
  title = {Qual método usar para deixar um usuário logado? JWT (Cookie vs Session)},
  year = {2019},
  url = {https://pt.stackoverflow.com/questions/376924/qual-m%C3%A9todo-usar-para-deixar-um-usu%C3%A1rio-logado-jwt-cookie-vs-session},
  note = {Acesso em: 27 ago. 2025}
}

@misc{JWTVulnerabilities,
  author = {{PentesterLab}},
  title = {JWT Vulnerabilities \& Attacks: The Ultimate Guide},
  year = {2024},
  url = {https://pentesterlab.com/blog/jwt-vulnerabilities-attacks-guide},
  note = {Acesso em: 27 ago. 2025}
}

@misc{RBAC_IBM,
  author = {{IBM}},
  title = {O que é o controle de acesso baseado em funções (RBAC)?},
  year = {2024},
  url = {https://www.ibm.com/br-pt/think/topics/rbac},
  note = {Acesso em: 27 ago. 2025}
}

@misc{ReconhecimentoFacialPonto,
  author = {{Oitchau}},
  title = {Como fazer controle de ponto por reconhecimento facial?},
  year = {2024},
  url = {https://www.oitchau.com.br/blog/como-fazer-controle-de-ponto-por-reconhecimento-facial/},
  note = {Acesso em: 27 ago. 2025}
}

@misc{TendenciasRH2025,
  author = {Vala, Ana},
  title = {Tendências de RH para 2025: o que esperar do futuro do trabalho?},
  year = {2024},
  url = {https://www.feedz.com.br/blog/tendencias-de-rh-2025/},
  note = {Acesso em: 27 ago. 2025}
}

@misc{compareplanodesaude,
  title={A Import{\^a}ncia da Jornada de Trabalho Regulada pela CLT},
  author={Equipe Compare Seguros},
  year={2024},
  howpublished={\url{https://compareplanodesaude.com.br/empresarial/clt-beneficios/importancia-jornada-trabalho-regulada-clt/}},
  note={Acessado em: 2025-08-27}
}


